<record><leader>00000cas a22000007a 4500</leader><controlfield tag="001">15342062</controlfield><controlfield tag="008">870319d182u18uunjuwr ne      0    0eng d</controlfield><datafield ind1=" " ind2=" " tag="010"><subfield code="a">sn 86077295 </subfield></datafield><datafield ind1=" " ind2=" " tag="040"><subfield code="a">NJW</subfield><subfield code="b">eng</subfield><subfield code="c">NJW</subfield><subfield code="d">OCLCQ</subfield></datafield><datafield ind1=" " ind2=" " tag="042"><subfield code="a">msc</subfield></datafield><datafield ind1="0" ind2="4" tag="245"><subfield code="a">The Patron of industry: or, register of general business intelligence.</subfield></datafield><datafield ind1=" " ind2=" " tag="260"><subfield code="a">Morris-town, N.J. :</subfield><subfield code="b">Jacob Mann</subfield></datafield><datafield ind1=" " ind2=" " tag="300"><subfield code="a">v.</subfield></datafield><datafield ind1=" " ind2=" " tag="310"><subfield code="a">Weekly</subfield></datafield><datafield ind1=" " ind2=" " tag="580"><subfield code="a">Published from the same office as: Palladium of liberty (Morristown, N.J. : 1808), and later: Palladium of liberty: and general business intelligencer.</subfield></datafield><datafield ind1=" " ind2=" " tag="588"><subfield code="a">Description based on: Vol. 4, no. 1 (June 21, 1827).</subfield></datafield><datafield ind1=" " ind2=" " tag="752"><subfield code="a">United States</subfield><subfield code="b">New Jersey</subfield><subfield code="c">Morris</subfield><subfield code="d">Morristown.</subfield></datafield><datafield ind1="1" ind2=" " tag="787"><subfield code="t">Palladium of liberty (Morristown, N.J. : 1808)</subfield><subfield code="w">(DLC)sn 84026554</subfield><subfield code="w">(OCoLC)10489675</subfield></datafield><datafield ind1="1" ind2=" " tag="787"><subfield code="t">Palladium of liberty: and general business intelligencer</subfield><subfield code="w">(DLC)sn 85025298</subfield><subfield code="w">(OCoLC)11635679</subfield></datafield></record>